@article{1,
  author    = {Joseph Redmon and
               Santosh Kumar Divvala and
               Ross B. Girshick and
               Ali Farhadi},
  title     = {You Only Look Once: Unified, Real-Time Object Detection},
  journal   = {CoRR},
  volume    = {abs/1506.02640},
  year      = {2015},
  url       = {http://arxiv.org/abs/1506.02640},
  eprinttype = {arXiv},
  eprint    = {1506.02640},
  timestamp = {Mon, 13 Aug 2018 16:48:08 +0200},
  biburl    = {https://dblp.org/rec/journals/corr/RedmonDGF15.bib},
  bibsource = {dblp computer science bibliography, https://dblp.org}
}

@article{2,
  author    = {Joseph Redmon and
               Ali Farhadi},
  title     = {YOLOv3: An Incremental Improvement},
  journal   = {CoRR},
  volume    = {abs/1804.02767},
  year      = {2018},
  url       = {http://arxiv.org/abs/1804.02767},
  eprinttype = {arXiv},
  eprint    = {1804.02767},
  timestamp = {Mon, 13 Aug 2018 16:48:24 +0200},
  biburl    = {https://dblp.org/rec/journals/corr/abs-1804-02767.bib},
  bibsource = {dblp computer science bibliography, https://dblp.org}
}

@misc{3,   
    title = {COCO},   
    url = {https://cocodataset.org/#home},   
    author = {Common Objects in Context},   
    note = {Último acceso el 28 de marzo de 2023} 
}

@inproceedings{4,
author = {Henrio, Jordan and Nakashima, Tomoharu},
year = {2018},
month = {10},
pages = {2503-2508},
title = {Anomaly Detection in Videos Recorded by Drones in a Surveillance Context},
doi = {10.1109/SMC.2018.00429}
}

@misc{5,   
    title = {Drones de seguridad privada ¿Cómo funcionan?},   
    url = {https://www.droneservices.com.ar/industria-4-0/drones-de-seguridad-privada/},   
    author = {Drone AI Services},   
    year = {2020},   
    note = {Último acceso el 28 de marzo de 2023} 
}

@article{6,
  title={Mixed YOLOv3-LITE: A Lightweight Real-Time Object Detection Method},
  author={Zhao, Heng and Zhou, Yong and Zhang, Li and et al.},
  journal={Sensors (Basel)},
  volume={20},
  number={7},
  pages={1861},
  year={2020},
  publisher={MDPI AG},
  doi={10.3390/s20071861},
  url={https://doi.org/10.3390/s20071861},
  issn={1424-8220},
  eissn={1424-8220},
  month={Mar}
}

@misc{7,   
    title = {VMware Workstation Player},   
    url = {https://www.vmware.com/products/workstation-player.html},   
    author = {VMware},   
    year = {2023},   
    note = {Último acceso el 11 de abril de 2023} 
}

@misc{8,   
    title = {YOLO for Object Detection, Architecture Explained!},   
    url = {https://medium.com/analytics-vidhya/understanding-yolo-and-implementing-yolov3-for-object-detection-5f1f748cc63a},   
    author = {Sairaj Neelam},   
    year = {2021},   
    note = {Último acceso el 11 de abril de 2023} 
}

@misc{9,   
    title = {YOLO — You only look once, real time object detection explained},   
    url = {https://towardsdatascience.com/yolo-you-only-look-once-real-time-object-detection-explained-492dc9230006},   
    author = {Manish Chablani},   
    year = {2017},   
    note = {Último acceso el 11 de abril de 2023} 
}

@misc{11,   
    title = {Real-time Object Detection with YOLO, YOLOv2 and now YOLOv3},   
    url = {https://jonathan-hui.medium.com/real-time-object-detection-with-yolo-yolov2-28b1b93e2088},   
    author = {Jonathan Hui},   
    year = {2018},   
    note = {Último acceso el 11 de abril de 2023} 
}

@misc{12,   
    title = {YOLO V3 Explained},   
    url = {https://towardsdatascience.com/yolo-v3-explained-ff5b850390f},   
    author = {Uri Almog},   
    year = {2020},   
    note = {Último acceso el 11 de abril de 2023} 
}

@misc{14,   
    title = {Non-maximum Suppression (NMS)},   
    url = {https://towardsdatascience.com/non-maximum-suppression-nms-93ce178e177c},   
    author = {Sambasivarao. K},   
    year = {2019},   
    note = {Último acceso el 11 de abril de 2023} 
}

@misc{15,   
    title = {Automatic diagnosis for cysts and tumors of both jaws on panoramic radiographs using a deep convolution neural network},   
    url = {https://www.researchgate.net/profile/Tae-Hoon-Yong/publication/342402762/figure/fig2/AS:957322327257088@1605254837269/A-CNN-architecture-modified-from-YOLOv3-with-the-modified-layers-in-Bold-CNN.ppm},   
    author = {Tae-Hoon Yong},   
    year = {2020},   
    note = {Último acceso el 11 de abril de 2023} 
}

@misc{10,   
    title = {Fundamentals of deep learning: a step-by-step guide Chapter 12 Object Detection},   
    url = {https://faculty.utrgv.edu/weidong.kuang/book/chapter12%20object%20detection.pdf},   
    author = {Weidong Kuang},   
    year = {2023},   
    note = {Último acceso el 11 de abril de 2023} 
}

@misc{16,   
    title = {Install TensorFlow on Raspberry Pi},   
    url = {https://littlebirdelectronics.com.au/guides/141/install-tensorflow-on-raspberry-pi},   
    author = {Cherie Tan},   
    year = {2023},   
    note = {Último acceso el 30 de abril de 2023} 
}

@misc{17,   
    title = {TensorFlow 2 on Raspberry Pi},   
    url = {https://towardsdatascience.com/3-ways-to-install-tensorflow-2-on-raspberry-pi-fe1fa2da9104},   
    author = {Leigh Johnson},   
    year = {2020},   
    note = {Último acceso el 30 de abril de 2023} 
}

@misc{18,   
    title = {TensorFlow 2 on Raspberry Pi},   
    url = {https://towardsdatascience.com/3-ways-to-install-tensorflow-2-on-raspberry-pi-fe1fa2da9104},   
    author = {Leigh Johnson},   
    year = {2020},   
    note = {Último acceso el 30 de abril de 2023} 
}

@misc{19,   
    title = {How to install TensorFlow on Raspberry Pi},   
    url = {https://magpi.raspberrypi.com/articles/tensorflow-ai-raspberry-pi},   
    author = {Rob Zwetsloot},   
    year = {2019},   
    note = {Último acceso el 30 de abril de 2023} 
}

@misc{20,   
    title = {Installing TensorFlow Lite on the Raspberry Pi},   
    url = {https://pimylifeup.com/raspberry-pi-tensorflow-lite/},   
    author = {Pi My Life Up},   
    year = {2022},   
    note = {Último acceso el 30 de abril de 2023} 
}

@ARTICLE{ARTICLE:1,
    AUTHOR="John Doe",
    TITLE="Title",
    JOURNAL="Journal",
    YEAR="2017",
}

@BOOK{BOOK:1,
    AUTHOR="John Doe",
    TITLE="The Book without Title",
    PUBLISHER="Dummy Publisher",
    YEAR="2100",
}

@INBOOK{BOOK:2,
    AUTHOR="John Doe",
    TITLE="The Book without Title",
    PUBLISHER="Dummy Publisher",
    YEAR="2100",
    PAGES="100-200",
}

@MISC{WEBSITE:1,
	HOWPUBLISHED = "\url{http://example.com}",
	AUTHOR = "Intel",
	TITLE = "Example Website",
	MONTH = "12",
	YEAR = "1988",
	URLDATE = {2012-11-26}
}

@MANUAL{dallas:ds18b20,
    organization  = "Dallas Semiconductor",
    title         = "DS18B20 Programmable Resolution 1-Wire Digital Thermometer",
    number        = "050400",
    year          =  2015,
    note          = "Rev. 3"
}

@book{teton2003,
	title={Gu{\'\i}a t{\'e}cnica de la acuariofilia},
	author={Teton, J.},
	isbn={9788489840249},
	series={Gu{\'\i}as t{\'e}cnicas},
	url={https://books.google.com.ar/books?id=6vrjovWkQicC},
	year={2003},
	publisher={Tursen S.A. - H. Blume}
}

@book{IEEE:citation,
	author={IEEE},
	title={IEEE Citation Reference},
	edition={1},
	url={http://www.ieee.org/documents/ieeecitationref.pdf},
	urldate={2016-9-26},
	publisher={IEEE Publications},
	year={2016}
}

@misc{CIAA,
	author = {{Proyecto CIAA}},
	title = {Computadora Industrial Abierta Argentina},
	url = {http://proyecto-ciaa.com.ar/devwiki/doku.php?id=start},
	note = {Visitado el 2016-06-25},
	year = {2014}
}

@MISC{lpcopen,
   author =	{{NXP Semiconductors}},
   title =	{LPCOPEN v2.16 Drivers, Middleware and Examples},
   url =	{http://www.nxp.com/products/microcontrollers-and-processors/arm-processors/lpc-cortex-m-mcus/software-tools/lpcopen-libraries-and-examples:LPC-OPEN-LIBRARIES},
   note =	{Disponible: 2016-06-25},
 }
 
@MISC{contrib,
	author =	{{Savannah}},
	title =	{lwIP - A Lightweight TCP/IP stack},
	url =	{http://git.savannah.gnu.org/cgit/lwip/lwip-contrib.git},
	note =	{Disponible: 2016-06-25},
 }

@MISC{webserver,
	author =	{{Savannah}},
	title =	{lwIP - Wiki - Sample Web Server},
	url =	{ http://lwip.wikia.com/wiki/Sample_Web_Server},
	note =	{Disponible: 2016-06-25}
 } 
 


@MISC{sensor_pH,
   author =	{dfRobot},
   title =	{PH meter(SKU: SEN0161)},
   url =	{http://www.dfrobot.com/wiki/index.php?title=PH_meter(SKU:_SEN0161)},
   note =	{Disponible: 2016-06-25},
}

@misc{rfc2616,
	series =	{Request for Comments},
	number=		2616,
	howpublished=	{RFC 2616},
	publisher =	{RFC Editor},
	doi =		{10.17487/rfc2616},
	url =		{https://rfc-editor.org/rfc/rfc2616.txt},
	author=		{Jeffrey Mogul and Larry M Masinter and Roy T. Fielding and Jim Gettys and Paul J. Leach and Tim Berners-Lee},
	title=		{{Hypertext Transfer Protocol -- HTTP/1.1}},
	pagetotal =	176,
	year =		2013,
	month =		3,
	day =		2,
	abstract =	{HTTP has been in use by the World-Wide Web global information initiative since 1990. This specification defines the protocol referred to as &quot;HTTP/1.1&quot;, and is an update to RFC 2068. [STANDARDS-TRACK]},
}

@misc{rfc3875,
	series =	{Request for Comments},
	number=		3875,
	howpublished=	{RFC 3875},
	publisher =	{RFC Editor},
	doi =		{10.17487/rfc3875},
	url =		{https://rfc-editor.org/rfc/rfc3875.txt},
	author=		{David Robinson},
	title=		{{The Common Gateway Interface (CGI) Version 1.1}},
	pagetotal =	36,
	year =		2013,
	month =		mar,
	day =		20,
	abstract =	{The Common Gateway Interface (CGI) is a simple interface for running external programs, software or gateways under an information server in a platform-independent manner. Currently, the supported information servers are HTTP servers.},
}

@misc{rfc7540,
	series =	{Request for Comments},
	number=		7540,
	howpublished=	{RFC 7540},
	publisher =	{RFC Editor},
	doi =		{10.17487/rfc7540},
	url =		{https://rfc-editor.org/rfc/rfc7540.txt},
	author=		{Mike Belshe and Roberto Peon and Martin Thomson},
	title=		{{Hypertext Transfer Protocol Version 2 (HTTP/2)}},
	pagetotal =	96,
	year =		2015,
	month =		nov,
	day =		18,
	abstract =	{This specification describes an optimized expression of the semantics of the Hypertext Transfer Protocol (HTTP), referred to as HTTP version 2 (HTTP/2). HTTP/2 enables a more efficient use of network resources and a reduced perception of latency by introducing header field compression and allowing multiple concurrent exchanges on the same connection. It also introduces unsolicited push of representations from servers to clients.},
}
